%% This BibTeX bibliography file was created using BibDesk.
%% http://bibdesk.sourceforge.net/


%% Created for Hannah Pruse at 2015-02-10 14:05:59 -0800 


%% Saved with string encoding Unicode (UTF-8) 



@article{ferguson2008,
	Author = {Ferguson, Christopher J.},
	Date-Added = {2015-02-10 22:04:06 +0000},
	Date-Modified = {2015-02-10 22:05:59 +0000},
	Journal = {Journal of Investigative Psychology and Offender Profiling},
	Pages = {25-37},
	Title = {Violent Video Games and the Supreme Court: Lessons for the Scientific Community in the Wake of Brown v. Entertainment Merchants Association},
	Year = {2008}}

@article{chakraborty2015,
	Author = {Chakraborty, Joyram and Chakraborty, Nirali M. },
	Date-Added = {2015-02-10 21:42:39 +0000},
	Date-Modified = {2015-02-10 21:52:50 +0000},
	Journal = {ACM Interactions },
	Month = {January},
	Pages = {64-67},
	Title = {Public Policy and Violence in Video Games},
	Year = {2015}}
